<?xml version="1.0" encoding="UTF-8"?>
<ting:container xmlns:ting="http://www.dbc.dk/ting" xmlns:dkabm="http://biblstandard.dk/abm/namespace/dkabm/" xmlns:ac="http://biblstandard.dk/ac/namespace/" xmlns:dkdcplus="http://biblstandard.dk/abm/namespace/dkdcplus/" xmlns:oss="http://oss.dbc.dk/ns/osstypes" xmlns:dc="http://purl.org/dc/elements/1.1/" xmlns:dcterms="http://purl.org/dc/terms/" xmlns:xsi="http://www.w3.org/2001/XMLSchema-instance" xmlns:docbook="http://docbook.org/ns/docbook"><dkabm:record><ac:identifier>25873262|870970</ac:identifier><ac:source>Bibliotekskatalog</ac:source><dc:title>No country for old men</dc:title><dc:title xsi:type="dkdcplus:full">No country for old men</dc:title><dc:creator xsi:type="dkdcplus:aut">Cormac McCarthy</dc:creator><dc:creator xsi:type="oss:sort">McCarthy, Cormac</dc:creator><dc:subject xsi:type="dkdcplus:DK5">83.8</dc:subject><dc:subject xsi:type="dkdcplus:DK5-Text">Amerikansk skønlitteratur</dc:subject><dcterms:abstract>I ørkenen nær Rio Grande opdager en mand på antilopejagt, at en narkohandel tilsyneladende er gået galt. Naturligvis tager han de 2 millioner dollars, som ligger på stedet, men så nemt går det ikke, og snart jages han desperat af både politi og diverse narkobander</dcterms:abstract><dcterms:audience>voksenmaterialer</dcterms:audience><dc:publisher>Picador</dc:publisher><dc:date>2005</dc:date><dc:type xsi:type="dkdcplus:BibDK-Type">Bog</dc:type><dcterms:extent>309 sider</dcterms:extent><dc:identifier xsi:type="dkdcplus:ISBN">0-330-44010-1</dc:identifier><dc:language xsi:type="dcterms:ISO639-2">eng</dc:language><dc:language>Engelsk</dc:language></dkabm:record><marcx:collection xmlns:marcx="info:lc/xmlns/marcxchange-v1"><marcx:record format="danMARC2" type="Bibliographic"><marcx:leader>00000n    2200000   4500</marcx:leader><marcx:datafield tag="001" ind1="0" ind2="0"><marcx:subfield code="a">25873262</marcx:subfield><marcx:subfield code="b">870970</marcx:subfield><marcx:subfield code="c">20051208044840</marcx:subfield><marcx:subfield code="d">20050822</marcx:subfield><marcx:subfield code="f">a</marcx:subfield></marcx:datafield><marcx:datafield tag="004" ind1="0" ind2="0"><marcx:subfield code="r">n</marcx:subfield><marcx:subfield code="a">e</marcx:subfield></marcx:datafield><marcx:datafield tag="008" ind1="0" ind2="0"><marcx:subfield code="t">m</marcx:subfield><marcx:subfield code="u">u</marcx:subfield><marcx:subfield code="a">2005</marcx:subfield><marcx:subfield code="b">gb</marcx:subfield><marcx:subfield code="j">f</marcx:subfield><marcx:subfield code="l">eng</marcx:subfield><marcx:subfield code="v">0</marcx:subfield></marcx:datafield><marcx:datafield tag="009" ind1="0" ind2="0"><marcx:subfield code="a">a</marcx:subfield><marcx:subfield code="g">xx</marcx:subfield></marcx:datafield><marcx:datafield tag="021" ind1="0" ind2="0"><marcx:subfield code="a">0-330-44010-1</marcx:subfield><marcx:subfield code="c">ib.</marcx:subfield></marcx:datafield><marcx:datafield tag="032" ind1="0" ind2="0"><marcx:subfield code="x">ACC200534</marcx:subfield><marcx:subfield code="x">UTI200549</marcx:subfield></marcx:datafield><marcx:datafield tag="100" ind1="0" ind2="0"><marcx:subfield code="A">maccarthy</marcx:subfield><marcx:subfield code="a">McCarthy</marcx:subfield><marcx:subfield code="h">Cormac</marcx:subfield></marcx:datafield><marcx:datafield tag="245" ind1="0" ind2="0"><marcx:subfield code="a">No country for old men</marcx:subfield><marcx:subfield code="e">Cormac McCarthy</marcx:subfield></marcx:datafield><marcx:datafield tag="260" ind1="0" ind2="0"><marcx:subfield code="a">London</marcx:subfield><marcx:subfield code="b">Picador</marcx:subfield><marcx:subfield code="c">2005</marcx:subfield></marcx:datafield><marcx:datafield tag="300" ind1="0" ind2="0"><marcx:subfield code="a">309 sider</marcx:subfield></marcx:datafield><marcx:datafield tag="504" ind1="0" ind2="0"><marcx:subfield code="a">I ørkenen nær Rio Grande opdager en mand på antilopejagt, at en narkohandel tilsyneladende er gået galt. Naturligvis tager han de 2 millioner dollars, som ligger på stedet, men så nemt går det ikke, og snart jages han desperat af både politi og diverse narkobander</marcx:subfield></marcx:datafield><marcx:datafield tag="520" ind1="0" ind2="0"><marcx:subfield code="a">Originaludgave: 2005</marcx:subfield></marcx:datafield><marcx:datafield tag="652" ind1="0" ind2="0"><marcx:subfield code="m">83.8</marcx:subfield></marcx:datafield><marcx:datafield tag="996" ind1="0" ind2="0"><marcx:subfield code="a">DBC</marcx:subfield></marcx:datafield><marcx:datafield tag="d08" ind1="0" ind2="0"><marcx:subfield code="a">bfj - (504 overført fra decentral post (4 368 379 9), bogen også udgivet i New York))</marcx:subfield></marcx:datafield><marcx:datafield tag="d30" ind1="0" ind2="0"><marcx:subfield code="n">1</marcx:subfield></marcx:datafield><marcx:datafield tag="d31" ind1="0" ind2="0"><marcx:subfield code="b">137</marcx:subfield><marcx:subfield code="h">222</marcx:subfield><marcx:subfield code="t">27</marcx:subfield></marcx:datafield><marcx:datafield tag="d32" ind1="0" ind2="0"><marcx:subfield code="b">134</marcx:subfield><marcx:subfield code="h">214</marcx:subfield><marcx:subfield code="t">21</marcx:subfield></marcx:datafield><marcx:datafield tag="d33" ind1="0" ind2="0"><marcx:subfield code="c">f</marcx:subfield></marcx:datafield><marcx:datafield tag="d35" ind1="0" ind2="0"><marcx:subfield code="a">P</marcx:subfield><marcx:subfield code="i">03</marcx:subfield><marcx:subfield code="n">02</marcx:subfield><marcx:subfield code="p">05</marcx:subfield><marcx:subfield code="q">02</marcx:subfield></marcx:datafield><marcx:datafield tag="n55" ind1="0" ind2="0"><marcx:subfield code="a">20050825</marcx:subfield></marcx:datafield><marcx:datafield tag="s12" ind1="0" ind2="0"><marcx:subfield code="t">TeamBo200548</marcx:subfield></marcx:datafield><marcx:datafield tag="z99" ind1="0" ind2="0"><marcx:subfield code="a">bfj</marcx:subfield></marcx:datafield></marcx:record></marcx:collection><oss:openurl>_BASEURL_url_ctx_fmt=info:ofi/fmt:kev:mtx:ctx&amp;ctx_ver=Z39.88-2004&amp;rft_val_fmt=info:ofi/fmt:kev:mtx:book&amp;rft.btitle=No+country+for+old+men&amp;rft.aulast=McCarthy&amp;rft.aufirst=Cormac&amp;rft.auinit=C&amp;rft.date=2005&amp;rft.isbn=0-330-44010-1&amp;rft.pub=Picador&amp;rft.genre=book</oss:openurl><adminData><creationDate>2005-08-25</creationDate><libraryType>none</libraryType><indexingAlias>danmarcxchange</indexingAlias><accessType>physical</accessType><genre>fiktion</genre><collectionIdentifier>870970-basis</collectionIdentifier></adminData></ting:container>